<?xml version="1.0" encoding="UTF-8"?><collection xmlns="http://www.loc.gov/MARC21/slim"><record><leader>00369nam--2200133-i-4500</leader><controlfield tag="001">000032341</controlfield><controlfield tag="002">20161230</controlfield><controlfield tag="005">20161230201039</controlfield><controlfield tag="008">060222s1000------------r-----000-0-eng-d</controlfield><datafield ind1=" " ind2=" " tag="080"><subfield code="a">681.3.01</subfield></datafield><datafield ind1=" " ind2=" " tag="245"><subfield code="a">Minicalculatoare. aplicatii</subfield></datafield><datafield ind1=" " ind2=" " tag="260"><subfield code="a">Bucuresti, Ed.Tehnica, 1977, 258p</subfield></datafield><datafield ind1=" " ind2=" " tag="700"><subfield code="a">Dodescu, Gh., Ionescu, Dan., Popescu, Cristian Si Popa, Iulian</subfield></datafield><datafield ind1=" " ind2=" " tag="852"><subfield code="a">44726</subfield></datafield></record></collection>